@misc{Cantor,
   author = {Bibiana García Visos y Daniel Arias Mosquera},
   title = {Georg Cantor, el hombre que descubrió distintos infinitos},
   year = {2019},
   url = {URL{https://www.bbvaopenmind.com/ciencia/matematicas/georg-cantor-el-hombre-que-descubrio-distintos-infinitos/}},
   note = "[Web; accedido el 25/03/2020]"
 }
 
 @misc{Aris,
    author			= {Desconocido},
    title			= {Aristoteles: El Infinito},
    howpublished	= {\path{https://www.anaminecan.com/post/aristoteles-	el-infinito}},
    year			= {2019},
    note			= {Accedido en Marzo de 2020},
    language        = {spanish},
}